@misc{childtime,
  author = {Dr. Brent Conrad},
  title = {Viewing statistics by time},
  howpublished = "\url{http://www.techaddiction.ca/media-statistics.html}",
  year = {2015},
}

@misc{childgenre,
  author = {Robert Walkman},
  title = {Online childhood genre distribution},
  howpublished = "\url{https://www.alistdaily.com/social/youtube-kids-focuses-on-younger-demographic/}",
  year = {2015},
}